{"path_per_floor":["M","M","?","?","$","R","?","T","T","?","M","E","M","?","R","B",null,"M","?","?","?","$","R","M","$","T","R","?","E","?","M","R","B",null,"M","?","M","M","M","$"],"character_chosen":"IRONCLAD","items_purchased":["Inflame","Flex","Regen Potion"],"gold_per_floor":[117,135,135,135,23,23,23,69,122,122,136,164,175,175,175,275,275,257,257,357,357,212,212,231,106,106,106,21,55,55,65,65,162,162,182,182,197,215,234,34],"floor_reached":41,"campfire_rested":3,"playtime":1974,"current_hp_per_floor":[67,60,44,44,44,68,68,68,68,68,56,45,36,29,53,3,87,52,52,52,52,52,52,48,48,48,48,48,31,31,31,57,45,87,70,70,65,24,16,16],"items_purged":["Defend_R","Doubt","Regret","Strike_R"],"gold":34,"score":357,"play_id":"1a592313-a03f-42cb-a2d9-dc7a9658c8ce","local_time":"20180316125503","is_prod":false,"is_daily":false,"is_ascension_mode":false,"campfire_upgraded":2,"timestamp":1521201303,"path_taken":["M","M","?","?","$","R","?","?","T","?","M","E","M","?","R","BOSS","M","?","?","?","$","R","M","$","T","R","?","E","?","M","R","BOSS","M","?","M","M","M","$","E"],"build_version":"2018-03-01-PROD1","purchased_purges":4,"victory":false,"master_deck":["Strike_R","Strike_R","Strike_R","Defend_R+1","Defend_R+1","Bash","Flex+1","Inflame","Bludgeon","Limit Break+1","Perfected Strike","Reaper","Clumsy","Whirlwind","Flex","Armaments+1","Offering"],"max_hp_per_floor":[80,80,80,80,80,80,80,80,80,80,80,80,80,80,80,80,87,87,87,87,87,87,87,87,87,87,87,87,87,87,87,87,87,87,87,87,87,87,87,87],"relics":["Black Star","Dream Catcher","Juzu Bracelet","Happy Flower","Paper Frog","Pantograph","Calling Bell","Strawberry","Bag of Preparation","Gremlin Horn","Mummified Hand","Peace Pipe","Bottled Flame","Kunai","Runic Dome"],"card_choices":[{"not_picked":["Heavy Blade","Thunderclap"],"picked":"Flex"},{"not_picked":["Second Wind","Body Slam"],"picked":"Limit Break"},{"not_picked":["Ghostly Armor","Iron Wave"],"picked":"Perfected Strike"},{"not_picked":["Juggernaut","Barricade"],"picked":"Reaper"},{"not_picked":["Corruption","Ghostly Armor"],"picked":"Whirlwind"},{"not_picked":["Rupture","Clothesline"],"picked":"Armaments"},{"not_picked":["Barricade","Dark Embrace"],"picked":"Offering"}],"player_experience":11941,"potions_floor_usage":[37,41],"damage_taken":[{"damage":13.0,"enemies":"Jaw Worm","floor":1.0,"turns":3.0},{"damage":7.0,"enemies":"Small Slimes","floor":2.0,"turns":3.0},{"damage":12.0,"enemies":"2 Louse","floor":11.0,"turns":2.0},{"damage":11.0,"enemies":"Gremlin Nob","floor":12.0,"turns":3.0},{"damage":9.0,"enemies":"Large Slime","floor":13.0,"turns":2.0},{"damage":75.0,"enemies":"The Guardian","floor":16.0,"turns":8.0},{"damage":43.0,"enemies":"2 Thieves","floor":18.0,"turns":4.0},{"damage":4.0,"enemies":"Chosen","floor":24.0,"turns":2.0},{"damage":41.0,"enemies":"Slavers","floor":29.0,"turns":4.0},{"damage":0.0,"enemies":"Snake Plant","floor":31.0,"turns":2.0},{"damage":37.0,"enemies":"Champ","floor":33.0,"turns":10.0},{"damage":17,"enemies":"3 Darklings","floor":35,"turns":2},{"damage":9,"enemies":"Orb Walker","floor":37,"turns":2},{"damage":41,"enemies":"4 Shapes","floor":38,"turns":1},{"damage":21,"enemies":"Maw","floor":39,"turns":6},{"damage":25,"enemies":"Giant Head","floor":41,"turns":3}],"event_choices":[{"event_name":"Shining Light","player_choice":"Entered Light","floor":3.0,"damage_taken":0.0},{"event_name":"Liars Game","player_choice":"disagreed","floor":4.0,"damage_taken":0.0},{"event_name":"Living Wall","player_choice":"Change","floor":7.0,"damage_taken":0.0},{"event_name":"Big Fish","player_choice":"Box","floor":10.0,"damage_taken":0.0},{"event_name":"Golden Wing","player_choice":"Card Removal","floor":14.0,"damage_taken":0.0},{"event_name":"The Mausoleum","player_choice":"No","floor":19.0,"damage_taken":0.0},{"event_name":"Golden Shrine","player_choice":"Pray","floor":20.0,"damage_taken":0.0},{"event_name":"The Lab","player_choice":"Got Potions","floor":21.0,"damage_taken":0.0},{"event_name":"Addict","player_choice":"Obtained Relic","floor":28.0,"damage_taken":0.0},{"event_name":"Back to Basics","player_choice":"Elegance","floor":30.0,"damage_taken":0.0},{"event_name":"Mysterious Sphere","player_choice":"Ignore","floor":36,"damage_taken":0}],"boss_relics":[],"potions_floor_spawned":[2,12,29],"seed_played":"7777706215041831996","killed_by":"Giant Head","ascension_level":0,"is_trial":false}