{"path_per_floor":["M","?","?","$","M","E","R","E","T","E","M","?","R","?","R","B",null,"M","M","M"],"character_chosen":"IRONCLAD","items_purchased":[],"gold_per_floor":[113,113,113,38,50,76,76,105,105,137,156,231,231,231,231,331,331,345,356,372],"floor_reached":21,"campfire_rested":3,"playtime":681,"current_hp_per_floor":[78,78,78,78,78,39,78,44,44,19,25,14,53,46,80,38,70,56,34,19],"items_purged":["Defend_R"],"gold":372,"score":256,"play_id":"aa3f07b7-074b-4818-b875-d9c6d301f82f","local_time":"20180325032206","is_prod":false,"is_daily":false,"is_ascension_mode":true,"campfire_upgraded":0,"timestamp":1521940926,"path_taken":["M","?","?","$","?","E","R","E","T","E","M","?","R","?","R","BOSS","M","?","M","?"],"build_version":"2018-03-01-PROD1","purchased_purges":2,"victory":false,"master_deck":["Strike_R","Strike_R","Strike_R","Strike_R","Defend_R","Defend_R","Defend_R","Bash","Pommel Strike+1","Carnage","Dual Wield","Armaments","Seeing Red+1","Demon Form","Rampage","Shrug It Off+1","Headbutt"],"max_hp_per_floor":[80,80,80,80,80,80,80,80,80,80,80,80,80,80,80,80,80,80,80,80],"relics":["Burning Blood","Regal Pillow","Gambling Chip","Bronze Scales","Toxic Egg 2","Bag of Preparation","Runic Dome"],"card_choices":[{"not_picked":["Iron Wave","True Grit"],"picked":"Pommel Strike"},{"not_picked":["True Grit","Heavy Blade"],"picked":"Carnage"},{"not_picked":["Intimidate","Burning Pact"],"picked":"Dual Wield"},{"not_picked":["Iron Wave","Fiend Fire"],"picked":"Armaments"},{"not_picked":["Shrug It Off","Battle Trance"],"picked":"Seeing Red"},{"not_picked":["Juggernaut","Brutality"],"picked":"Demon Form"},{"not_picked":["Ghostly Armor","Iron Wave"],"picked":"Rampage"},{"not_picked":["Uppercut","Battle Trance"],"picked":"Shrug It Off"},{"not_picked":["Wild Strike","Pommel Strike"],"picked":"Headbutt"}],"player_experience":67916,"potions_floor_usage":[18,21,21],"damage_taken":[{"damage":0,"enemies":"Small Slimes","floor":1,"turns":3},{"damage":6,"enemies":"Cultist","floor":5,"turns":3},{"damage":45,"enemies":"Gremlin Nob","floor":6,"turns":5},{"damage":40,"enemies":"3 Sentries","floor":8,"turns":7},{"damage":31,"enemies":"Gremlin Nob","floor":10,"turns":4},{"damage":0,"enemies":"Jaw Worm","floor":11,"turns":1},{"damage":48,"enemies":"Slime Boss","floor":16,"turns":11},{"damage":20,"enemies":"Shell Parasite","floor":18,"turns":4},{"damage":28,"enemies":"2 Thieves","floor":19,"turns":4},{"damage":21,"enemies":"Snecko","floor":20,"turns":4},{"damage":22,"enemies":"Slaver and Parasite","floor":21,"turns":1}],"event_choices":[{"event_name":"Upgrade Shrine","player_choice":"Upgraded","floor":2,"damage_taken":0},{"event_name":"Shining Light","player_choice":"Ignored","floor":3,"damage_taken":0},{"event_name":"World of Goop","player_choice":"Gather Gold","floor":12,"damage_taken":0},{"event_name":"Golden Wing","player_choice":"Card Removal","floor":14,"damage_taken":0}],"boss_relics":[{"not_picked":["Ectoplasm","Velvet Choker"],"picked":"Runic Dome"}],"potions_floor_spawned":[8,10,16,19],"seed_played":"1889797735918284418","killed_by":"Slaver and Parasite","ascension_level":6,"is_trial":false}