{"path_per_floor":["M","$","?","?","?","E","M","E","T","M","$","M","M","E","R"],"character_chosen":"IRONCLAD","items_purchased":["Heavy Blade","Twin Strike"],"gold_per_floor":[144,22,22,22,97,132,151,180,180,190,39,52,65,100,100],"floor_reached":16,"campfire_rested":1,"playtime":728,"current_hp_per_floor":[79,79,79,79,68,49,46,21,21,39,39,46,55,33,58],"items_purged":["Defend_R","Regret"],"gold":100,"score":126,"play_id":"d120295d-6dbe-4ce5-b588-d6664e6a4c56","local_time":"20180322011214","is_prod":false,"is_daily":false,"is_ascension_mode":true,"campfire_upgraded":0,"timestamp":1521677534,"path_taken":["M","$","?","?","?","E","?","E","T","M","$","M","M","E","R","BOSS"],"build_version":"2018-03-01-PROD1","purchased_purges":2,"victory":false,"master_deck":["Strike_R","Strike_R","Strike_R","Strike_R","Strike_R","Defend_R","Defend_R","Defend_R","Bash+1","Blood for Blood","Clothesline","Heavy Blade+1","Corruption","Bloodletting","Pommel Strike","Twin Strike","Armaments","Dual Wield"],"max_hp_per_floor":[85,85,85,85,85,85,85,85,85,85,85,85,85,85,85],"relics":["Tiny House","Meat on the Bone","Darkstone Periapt","Lantern","Magic Flower","Prayer Wheel"],"card_choices":[{"not_picked":["Perfected Strike","Thunderclap"],"picked":"Blood for Blood"},{"not_picked":["Hemokinesis","Pommel Strike"],"picked":"Clothesline"},{"not_picked":["Berserk","Shrug It Off"],"picked":"Corruption"},{"not_picked":["Thunderclap","Headbutt"],"picked":"Bloodletting"},{"not_picked":["Headbutt","Shrug It Off"],"picked":"Pommel Strike"},{"not_picked":["Clothesline","Cleave"],"picked":"Armaments"},{"not_picked":["Body Slam","Clothesline"],"picked":"Dual Wield"}],"player_experience":32857,"potions_floor_usage":[6,14],"damage_taken":[{"damage":6,"enemies":"Jaw Worm","floor":1,"turns":4},{"damage":31,"enemies":"Lagavulin","floor":6,"turns":5},{"damage":3,"enemies":"Small Slimes","floor":7,"turns":3},{"damage":37,"enemies":"3 Sentries","floor":8,"turns":7},{"damage":0,"enemies":"2 Louse","floor":10,"turns":2},{"damage":11,"enemies":"Red Slaver","floor":12,"turns":3},{"damage":9,"enemies":"3 Louse","floor":13,"turns":2},{"damage":40,"enemies":"Lagavulin","floor":14,"turns":6},{"damage":58,"enemies":"Slime Boss","floor":16,"turns":6}],"event_choices":[{"event_name":"Big Fish","player_choice":"Box","floor":3,"damage_taken":0},{"event_name":"Upgrade Shrine","player_choice":"Upgraded","floor":4,"damage_taken":0},{"event_name":"World of Goop","player_choice":"Gather Gold","floor":5,"damage_taken":0}],"boss_relics":[],"potions_floor_spawned":[8,10,14],"seed_played":"-180138081649772017","killed_by":"Slime Boss","ascension_level":1,"is_trial":false}