{"path_per_floor":["M","?","M","M","$","E","R","E","T","?","$","?","?","E","R","B",null,"M","?","?","M","M","E","M","?","T","?"],"character_chosen":"IRONCLAD","items_purchased":["Whirlwind"],"gold_per_floor":[111,111,130,141,66,99,99,131,131,131,49,11,11,38,38,136,136,146,146,146,162,173,206,217,217,217,217],"floor_reached":28,"campfire_rested":2,"playtime":959,"current_hp_per_floor":[80,64,53,51,51,27,51,17,17,17,17,17,17,20,44,26,83,54,54,54,44,43,20,1,8,8,8],"items_purged":["Defend_R"],"gold":217,"score":304,"play_id":"0ff98b30-6200-446a-911d-bc283a753101","local_time":"20180316204456","is_prod":false,"is_daily":false,"is_ascension_mode":false,"campfire_upgraded":0,"timestamp":1521229496,"path_taken":["M","?","?","?","?","E","R","E","T","?","$","?","?","E","R","BOSS","M","?","?","M","M","E","?","?","T","?","M"],"build_version":"2018-03-01-PROD1","purchased_purges":1,"victory":false,"master_deck":["Strike_R","Strike_R+1","Strike_R","Strike_R+1","Defend_R","Defend_R","Bash","Uppercut","Perfected Strike","Twin Strike","Pommel Strike","Pommel Strike","Blood for Blood","Bloodletting","Feed","Whirlwind","Offering","Whirlwind","Heavy Blade+1"],"max_hp_per_floor":[80,80,80,80,80,80,80,80,80,80,80,80,80,83,83,83,83,83,83,83,86,89,89,89,96,96,96],"relics":["Orrery","Shuriken","Vajra","Red Skull","Omamori","Mark of Pain","Happy Flower","Strawberry","Centennial Puzzle"],"card_choices":[{"not_picked":["Rage","Pommel Strike"],"picked":"Uppercut"},{"not_picked":["Cleave","Pummel"],"picked":"Perfected Strike"},{"not_picked":["Clothesline","Intimidate"],"picked":"Twin Strike"},{"not_picked":["Warcry","Brutality"],"picked":"Pommel Strike"},{"not_picked":["Sword Boomerang","Fire Breathing"],"picked":"Pommel Strike"},{"not_picked":["Anger","Perfected Strike"],"picked":"Blood for Blood"},{"not_picked":["Sever Soul","Shockwave"],"picked":"Bloodletting"},{"not_picked":["Headbutt","Thunderclap"],"picked":"Feed"},{"not_picked":["Limit Break","Berserk"],"picked":"Offering"},{"not_picked":["Clash","Warcry"],"picked":"Heavy Blade"}],"player_experience":15539,"potions_floor_usage":[14,23,24,28],"damage_taken":[{"damage":0,"enemies":"Cultist","floor":1,"turns":2},{"damage":11,"enemies":"Jaw Worm","floor":3,"turns":2},{"damage":2,"enemies":"2 Louse","floor":4,"turns":2},{"damage":24,"enemies":"3 Sentries","floor":6,"turns":6},{"damage":34,"enemies":"Lagavulin","floor":8,"turns":4},{"damage":0,"enemies":"Gremlin Nob","floor":14,"turns":2},{"damage":18,"enemies":"Slime Boss","floor":16,"turns":6},{"damage":29,"enemies":"2 Thieves","floor":18,"turns":3},{"damage":13,"enemies":"Spheric Guardian","floor":21,"turns":3},{"damage":4,"enemies":"Cultist and Chosen","floor":22,"turns":3},{"damage":29,"enemies":"Book of Stabbing","floor":23,"turns":3},{"damage":19,"enemies":"Centurion and Healer","floor":24,"turns":3},{"damage":12,"enemies":"Slaver and Parasite","floor":28,"turns":1}],"event_choices":[{"event_name":"Shining Light","player_choice":"Entered Light","floor":2,"damage_taken":0},{"event_name":"The Lab","player_choice":"Got Potions","floor":10,"damage_taken":0},{"event_name":"World of Goop","player_choice":"Left","floor":12,"damage_taken":0},{"event_name":"The Cleric","player_choice":"Leave","floor":13,"damage_taken":0},{"event_name":"Back to Basics","player_choice":"Elegance","floor":19,"damage_taken":0},{"event_name":"The Library","player_choice":"Read","floor":20,"damage_taken":0},{"event_name":"The Mausoleum","player_choice":"Yes","floor":25,"damage_taken":0},{"event_name":"Bonfire Elementals","player_choice":"BASIC","floor":27,"damage_taken":0}],"boss_relics":[{"not_picked":["Snecko Eye","Ectoplasm"],"picked":"Mark of Pain"}],"potions_floor_spawned":[1,6,8,16,24],"seed_played":"3515390879930597300","killed_by":"Slaver and Parasite","ascension_level":0,"is_trial":false}