{"path_per_floor":["M","M","M","?","?","M","E","M","T","R","T","?","M","E","R","B",null,"M","M","?","M","M","E","R","E","T","?","?","M","M","$","R","B",null,"M","?","?","M","T","E","M","$","T","R","M","M","R","M","R","B"],"character_chosen":"IRONCLAD","items_purchased":["Bronze Scales","Centennial Puzzle","Toxic Egg 2"],"gold_per_floor":[116,133,146,146,96,106,139,156,207,207,233,260,280,315,315,413,413,429,448,448,467,484,517,517,550,550,550,550,567,584,96,96,200,200,215,264,264,274,301,336,348,7,55,55,68,84,84,98,98,98],"floor_reached":51,"campfire_rested":4,"playtime":2803,"current_hp_per_floor":[80,76,71,71,71,65,71,69,69,69,69,71,80,74,74,80,80,75,80,80,80,80,65,80,58,58,43,43,52,37,37,62,64,85,85,65,65,64,64,31,33,33,33,73,77,85,85,78,85,14],"items_purged":["Defend_R","Body Slam"],"gold":98,"score":581,"play_id":"5f49d548-505b-47b0-97db-c64ca5dd190d","local_time":"20180316221344","is_prod":false,"is_daily":false,"is_ascension_mode":false,"campfire_upgraded":3,"timestamp":1521234824,"path_taken":["M","M","M","?","?","M","E","M","T","R","?","?","M","E","R","BOSS","M","M","?","M","M","E","R","E","T","?","?","M","M","$","R","BOSS","M","?","?","M","?","E","M","$","T","R","M","M","R","M","R","BOSS"],"build_version":"2018-03-01-PROD1","purchased_purges":2,"victory":true,"master_deck":["Strike_R+1","Strike_R+1","Strike_R+1","Strike_R+1","Strike_R+1","Defend_R+1","Defend_R+1","Bash","Inflame","Heavy Blade+1","Twin Strike","Pommel Strike","Spot Weakness","Flex+1","Double Tap+1","Heavy Blade+1","Demon Form","Twin Strike","Flex+1","Inflame+1","Rampage","Spot Weakness+1","Seeing Red+1","Clothesline+1"],"max_hp_per_floor":[80,80,80,80,80,80,80,80,80,80,80,80,80,80,80,80,80,80,80,80,80,80,80,80,80,80,85,85,85,85,85,85,85,85,85,85,85,85,85,85,85,85,85,85,85,85,85,85,85,85],"relics":["Burning Blood","Magic Flower","Juzu Bracelet","Orichalcum","Happy Flower","Odd Mushroom","Vajra","Runic Dome","Dodecahedron","Prayer Wheel","Unceasing Top","Bronze Scales","Centennial Puzzle","Sozu","Sundial","Bag of Marbles","Omamori","Toxic Egg 2","Regal Pillow"],"card_choices":[{"not_picked":["Body Slam","Twin Strike"],"picked":"Inflame"},{"not_picked":["Battle Trance","Infernal Blade"],"picked":"Heavy Blade"},{"not_picked":["Barricade","Shockwave"],"picked":"Twin Strike"},{"not_picked":["Clash","Rampage"],"picked":"Pommel Strike"},{"not_picked":["Carnage","Sever Soul"],"picked":"Spot Weakness"},{"not_picked":["Armaments","Shockwave"],"picked":"Flex"},{"not_picked":["Berserk","Dark Embrace"],"picked":"Double Tap"},{"not_picked":["Infernal Blade","Carnage"],"picked":"Heavy Blade"},{"not_picked":["Armaments","Iron Wave"],"picked":"Demon Form"},{"not_picked":["Anger","Cleave"],"picked":"Twin Strike"},{"not_picked":["Clash","Body Slam"],"picked":"Inflame"},{"not_picked":["Body Slam","Iron Wave"],"picked":"Rampage"},{"not_picked":["Dual Wield","Anger"],"picked":"Body Slam"},{"not_picked":["Headbutt","Pommel Strike"],"picked":"Spot Weakness"},{"not_picked":["Armaments","Rage"],"picked":"Seeing Red"},{"not_picked":["Headbutt","Infernal Blade"],"picked":"Clothesline"}],"player_experience":17399,"potions_floor_usage":[7,7,12,14,23,33,33,40,45],"damage_taken":[{"damage":6,"enemies":"Jaw Worm","floor":1,"turns":4},{"damage":10,"enemies":"Cultist","floor":2,"turns":4},{"damage":11,"enemies":"2 Louse","floor":3,"turns":2},{"damage":15,"enemies":"Large Slime","floor":6,"turns":6},{"damage":28,"enemies":"3 Sentries","floor":7,"turns":7},{"damage":11,"enemies":"Blue Slaver","floor":8,"turns":4},{"damage":22,"enemies":"The Mushroom Lair","floor":12,"turns":4},{"damage":0,"enemies":"Exordium Thugs","floor":13,"turns":3},{"damage":25,"enemies":"Lagavulin","floor":14,"turns":5},{"damage":3,"enemies":"Slime Boss","floor":16,"turns":4},{"damage":14,"enemies":"2 Thieves","floor":18,"turns":2},{"damage":4,"enemies":"Spheric Guardian","floor":19,"turns":3},{"damage":0,"enemies":"Snecko","floor":21,"turns":3},{"damage":6,"enemies":"Centurion and Healer","floor":22,"turns":2},{"damage":24,"enemies":"Gremlin Leader","floor":23,"turns":4},{"damage":31,"enemies":"Book of Stabbing","floor":25,"turns":4},{"damage":0,"enemies":"Cultist and Chosen","floor":29,"turns":4},{"damage":24,"enemies":"Snecko","floor":30,"turns":5},{"damage":17,"enemies":"Collector","floor":33,"turns":4},{"damage":7,"enemies":"Orb Walker","floor":35,"turns":2},{"damage":29,"enemies":"Sphère mystérieuse","floor":36,"turns":4},{"damage":10,"enemies":"3 Darklings","floor":38,"turns":3},{"damage":52,"enemies":"2 Orb Walkers","floor":40,"turns":4},{"damage":7,"enemies":"4 Shapes","floor":41,"turns":3},{"damage":5,"enemies":"Sphere and 2 Shapes","floor":45,"turns":2},{"damage":0,"enemies":"Maw","floor":46,"turns":4},{"damage":16,"enemies":"3 Darklings","floor":48,"turns":2},{"damage":80,"enemies":"Awakened One","floor":50,"turns":5}],"event_choices":[{"event_name":"Big Fish","player_choice":"Box","floor":4,"damage_taken":0},{"event_name":"The Cleric","player_choice":"Card Removal","floor":5,"damage_taken":0},{"event_name":"Mushrooms","player_choice":"Fought Mushrooms","floor":12,"damage_taken":0},{"event_name":"Back to Basics","player_choice":"Simplicity","floor":20,"damage_taken":0},{"event_name":"Forgotten Altar","player_choice":"Shed Blood","floor":27,"damage_taken":0},{"event_name":"Duplicator","player_choice":"One dupe","floor":28,"damage_taken":0},{"event_name":"Mysterious Sphere","player_choice":"Fight","floor":36,"damage_taken":0}],"boss_relics":[{"not_picked":["White Beast Statue","Ectoplasm"],"picked":"Runic Dome"},{"not_picked":["Lizard Tail","Question Card"],"picked":"Sozu"}],"potions_floor_spawned":[2,3,7,12,13,18,21,29,33,35,40,41,45,48],"seed_played":"8043095193080809087","ascension_level":0,"is_trial":false}