{"path_per_floor":["M","?","$","M","?","R","E","R","T","$","M","M","R","M","R","B",null,"M","M","?","?","M","E","R"],"character_chosen":"IRONCLAD","items_purchased":["Vajra","Pommel Strike"],"gold_per_floor":[118,118,43,56,306,306,339,339,419,118,135,153,153,164,164,262,262,280,298,298,198,208,233,233],"floor_reached":25,"campfire_rested":4,"playtime":1003,"current_hp_per_floor":[80,73,73,67,67,80,9,33,33,33,39,36,36,35,59,20,80,67,63,48,48,38,11,36],"items_purged":["Defend_R","Regret"],"gold":233,"score":221,"play_id":"18554d03-ec00-430b-ad96-cb446a2f7151","local_time":"20180317034348","is_prod":false,"is_daily":false,"is_ascension_mode":false,"campfire_upgraded":1,"timestamp":1521254628,"path_taken":["M","?","$","M","?","R","E","R","T","?","M","M","R","M","R","BOSS","M","M","?","?","M","E","R","E"],"build_version":"2018-03-01-PROD1","purchased_purges":2,"victory":false,"master_deck":["Strike_R","Strike_R","Strike_R","Strike_R","Strike_R","Defend_R","Defend_R+1","Defend_R+1","Bash","Pummel","Flame Barrier","Headbutt","Pommel Strike","Searing Blow+1","Limit Break","Heavy Blade","J.A.X.","Armaments"],"max_hp_per_floor":[80,80,80,80,80,80,80,80,80,80,80,80,80,80,80,80,80,80,80,85,85,85,85,85],"relics":["Burning Blood","War Paint","Paper Frog","Letter Opener","Vajra","Velvet Choker","Frozen Egg 2"],"card_choices":[{"not_picked":["Twin Strike","Headbutt"],"picked":"Pummel"},{"not_picked":["Searing Blow","Perfected Strike"],"picked":"Flame Barrier"},{"not_picked":["Twin Strike","Sword Boomerang"],"picked":"Headbutt"},{"not_picked":["Feel No Pain","Armaments"],"picked":"Searing Blow"},{"not_picked":["Bludgeon","Berserk"],"picked":"Limit Break"},{"not_picked":["Second Wind","Anger"],"picked":"Heavy Blade"},{"not_picked":["Hemokinesis","Fire Breathing"],"picked":"Armaments"}],"player_experience":24859,"potions_floor_usage":[16,23,23],"damage_taken":[{"damage":0,"enemies":"Small Slimes","floor":1,"turns":3},{"damage":12,"enemies":"Jaw Worm","floor":4,"turns":4},{"damage":77,"enemies":"Lagavulin","floor":7,"turns":13},{"damage":0,"enemies":"Cultist","floor":11,"turns":2},{"damage":9,"enemies":"3 Louse","floor":12,"turns":3},{"damage":7,"enemies":"Blue Slaver","floor":14,"turns":3},{"damage":45,"enemies":"Slime Boss","floor":16,"turns":9},{"damage":19,"enemies":"3 Byrds","floor":18,"turns":7},{"damage":10,"enemies":"Chosen","floor":19,"turns":3},{"damage":16,"enemies":"Sentry and Sphere","floor":22,"turns":4},{"damage":33,"enemies":"Gremlin Leader","floor":23,"turns":7},{"damage":36,"enemies":"Slavers","floor":25,"turns":2}],"event_choices":[{"event_name":"Scrap Ooze","player_choice":"success","floor":2,"damage_taken":7},{"event_name":"Golden Shrine","player_choice":"Desecrate","floor":5,"damage_taken":0},{"event_name":"Forgotten Altar","player_choice":"Shed Blood","floor":20,"damage_taken":0},{"event_name":"Drug Dealer","player_choice":"Got JAXXED","floor":21,"damage_taken":0}],"boss_relics":[{"not_picked":["Lizard Tail","Runic Dome"],"picked":"Velvet Choker"}],"potions_floor_spawned":[7,16,19],"seed_played":"6570259106720507714","killed_by":"Slavers","ascension_level":0,"is_trial":false}