{"path_per_floor":["M","?","?","M","T","$","R","M","T","M","R","M","?","$","R","B",null,"M","?","?","M","$","M","R","?","T","M","$","R","E","?","R"],"character_chosen":"IRONCLAD","items_purchased":["Flex","Heavy Blade"],"gold_per_floor":[116,116,116,127,127,6,6,20,20,34,34,45,67,67,67,165,165,178,178,178,197,97,117,117,117,194,213,63,63,94,94,94],"floor_reached":33,"campfire_rested":2,"playtime":1275,"current_hp_per_floor":[80,80,80,70,70,70,70,70,70,57,57,48,48,48,48,42,80,61,61,61,39,39,7,31,31,31,31,31,55,31,80,80],"items_purged":["Regret","Defend_R","Strike_R"],"gold":94,"score":253,"play_id":"70068230-8b5a-41bb-a77f-304aa9222967","local_time":"20180317022624","is_prod":false,"is_daily":false,"is_ascension_mode":false,"campfire_upgraded":4,"timestamp":1521249984,"path_taken":["M","?","?","M","?","$","R","M","T","M","R","M","?","?","R","BOSS","M","?","?","?","$","M","R","?","T","M","$","R","E","?","R","BOSS"],"build_version":"2018-03-01-PROD1","purchased_purges":3,"victory":false,"master_deck":["Strike_R+1","Strike_R+1","Strike_R+1","Strike_R+1","Defend_R+1","Defend_R+1","Bash","Headbutt","Whirlwind+1","Flex+1","Pommel Strike","Uppercut+1","Demon Form","Clothesline","Twin Strike+1","Spot Weakness","Heavy Blade+1","Heavy Blade"],"max_hp_per_floor":[80,80,80,80,80,80,80,80,80,80,80,80,80,80,80,80,80,80,80,80,80,80,80,80,80,80,80,80,80,80,80,80],"relics":["Snecko Eye","Oddly Smooth Stone","Bronze Scales","Bird Faced Urn","Odd Mushroom","Runic Pyramid","Matryoshka","Ornamental Fan","Shuriken","Dream Catcher"],"card_choices":[{"not_picked":["Sever Soul","True Grit"],"picked":"Headbutt"},{"not_picked":["Juggernaut","Shrug It Off"],"picked":"Whirlwind"},{"not_picked":["True Grit","Shrug It Off"],"picked":"Pommel Strike"},{"not_picked":["Flex","Thunderclap"],"picked":"Uppercut"},{"not_picked":["Reaper","Juggernaut"],"picked":"Demon Form"},{"not_picked":["Shrug It Off","Dual Wield"],"picked":"Clothesline"},{"not_picked":["Headbutt","Metallicize"],"picked":"Twin Strike"},{"not_picked":["Fire Breathing","Perfected Strike"],"picked":"Spot Weakness"},{"not_picked":["Sword Boomerang","Anger"],"picked":"Heavy Blade"}],"player_experience":20202,"potions_floor_usage":[23,30,33],"damage_taken":[{"damage":0.0,"enemies":"Small Slimes","floor":1.0,"turns":3.0},{"damage":10.0,"enemies":"Cultist","floor":4.0,"turns":3.0},{"damage":0.0,"enemies":"Jaw Worm","floor":8.0,"turns":2.0},{"damage":13.0,"enemies":"Blue Slaver","floor":10.0,"turns":3.0},{"damage":9.0,"enemies":"2 Fungi Beasts","floor":12.0,"turns":2.0},{"damage":0.0,"enemies":"The Mushroom Lair","floor":13.0,"turns":1.0},{"damage":6.0,"enemies":"Slime Boss","floor":16.0,"turns":2.0},{"damage":19.0,"enemies":"3 Byrds","floor":18.0,"turns":3.0},{"damage":24.0,"enemies":"Spheric Guardian","floor":21.0,"turns":4.0},{"damage":32,"enemies":"Centurion and Healer","floor":23,"turns":4},{"damage":0,"enemies":"Snake Plant","floor":27,"turns":2},{"damage":26,"enemies":"Gremlin Leader","floor":30,"turns":4},{"damage":84,"enemies":"Collector","floor":33,"turns":9}],"event_choices":[{"event_name":"Purifier","player_choice":"One Purge","floor":2.0,"damage_taken":0.0},{"event_name":"Big Fish","player_choice":"Box","floor":3.0,"damage_taken":0.0},{"event_name":"Mushrooms","player_choice":"Fought Mushrooms","floor":13.0,"damage_taken":0.0},{"event_name":"Back to Basics","player_choice":"Simplicity","floor":19.0,"damage_taken":0.0},{"event_name":"Drug Dealer","player_choice":"Ignored","floor":20.0,"damage_taken":0.0},{"event_name":"The Mausoleum","player_choice":"Yes","floor":25,"damage_taken":0},{"event_name":"Wheel of Change","player_choice":"Full Heal","floor":31,"damage_taken":0}],"boss_relics":[],"potions_floor_spawned":[1,10,12,13,23,27],"seed_played":"-7517550876920762828","killed_by":"Collector","ascension_level":0,"is_trial":false}