{"path_per_floor":["M","$","M","M","?","R","M","T","T","$","M","?","M","$","R","B",null,"M","?","?","?","T","R","M","M","T","M","M","M","M","M","R","B",null,"M","M","$","M","M","M","R","M","T","M","R","$","?","M","R","B"],"character_chosen":"IRONCLAD","items_purchased":["Carnage","Self Forming Clay"],"gold_per_floor":[116,5,18,37,37,37,51,51,102,2,19,19,33,33,33,133,133,149,49,49,49,76,76,88,106,158,169,182,199,211,231,231,331,331,341,361,236,255,272,290,290,302,327,339,339,99,0,17,17,17],"floor_reached":51,"campfire_rested":5,"playtime":1918,"current_hp_per_floor":[73,73,67,66,59,59,55,55,55,55,60,60,51,51,75,70,78,67,67,67,67,74,74,72,60,60,62,69,53,48,68,87,55,79,68,63,63,62,53,50,76,70,70,44,70,70,70,58,84,36],"items_purged":["Strike_R","Doubt","Strike_R"],"gold":17,"score":643,"play_id":"4a429875-21c7-442d-aaf9-ce4210b9581d","local_time":"20180325031030","is_prod":false,"is_daily":false,"is_ascension_mode":true,"campfire_upgraded":2,"timestamp":1521940230,"path_taken":["M","$","M","M","?","R","?","?","T","$","M","?","M","?","R","BOSS","M","?","?","?","?","R","M","?","T","M","M","M","M","M","R","BOSS","M","?","$","M","M","M","R","M","T","?","R","$","?","?","R","BOSS"],"build_version":"2018-03-01-PROD1","purchased_purges":3,"victory":true,"master_deck":["Strike_R+1","Strike_R+1","Strike_R+1","Defend_R+1","Defend_R+1","Defend_R+1","Bash","Bloodletting+1","Carnage","Reaper","Rampage","Bloodletting+1","Anger","Exhume","Flex+1","J.A.X.","Corruption","Havoc","Shrug It Off+1","Heavy Blade+1","Inflame","Whirlwind","Infernal Blade","Carnage","Limit Break","Burning Pact","Fire Breathing","Double Tap","Armaments"],"max_hp_per_floor":[80,80,80,80,80,80,80,80,80,80,80,80,80,80,80,80,80,80,80,80,80,87,87,87,87,87,87,87,87,87,87,87,87,87,87,87,87,87,87,87,87,87,87,87,87,87,87,87,87,87],"relics":["Burning Blood","Unceasing Top","Pen Nib","Orichalcum","Sozu","Strawberry","Lantern","Runic Cube","Prayer Wheel","Self Forming Clay","Red Mask"],"card_choices":[{"not_picked":["Body Slam","Rupture"],"picked":"Bloodletting"},{"not_picked":["Warcry","Shockwave"],"picked":"Reaper"},{"not_picked":["True Grit","Perfected Strike"],"picked":"Rampage"},{"not_picked":["Pommel Strike","Headbutt"],"picked":"Bloodletting"},{"not_picked":["Clash","Twin Strike"],"picked":"Anger"},{"not_picked":["Double Tap","Bludgeon"],"picked":"Exhume"},{"not_picked":["Sword Boomerang","Feel No Pain"],"picked":"Flex"},{"not_picked":["True Grit","Pommel Strike"],"picked":"Havoc"},{"not_picked":["Sword Boomerang","Pommel Strike"],"picked":"Shrug It Off"},{"not_picked":["Body Slam","Hemokinesis"],"picked":"Heavy Blade"},{"not_picked":["Shrug It Off","True Grit"],"picked":"Inflame"},{"not_picked":["Headbutt","Pummel"],"picked":"Whirlwind"},{"not_picked":["Rupture","Pommel Strike"],"picked":"Infernal Blade"},{"not_picked":["Twin Strike","Bloodletting"],"picked":"Carnage"},{"not_picked":["Reaper","Berserk"],"picked":"Limit Break"},{"not_picked":["Heavy Blade","Pommel Strike"],"picked":"Burning Pact"},{"not_picked":["Havoc","Spot Weakness"],"picked":"Fire Breathing"},{"not_picked":["Heavy Blade","Iron Wave"],"picked":"Double Tap"},{"not_picked":["Perfected Strike","Thunderclap"],"picked":"Armaments"}],"player_experience":65998,"potions_floor_usage":[25,29,30],"damage_taken":[{"damage":13,"enemies":"Jaw Worm","floor":1,"turns":4},{"damage":12,"enemies":"2 Louse","floor":3,"turns":2},{"damage":7,"enemies":"Small Slimes","floor":4,"turns":3},{"damage":16,"enemies":"Exordium Wildlife","floor":7,"turns":5},{"damage":9,"enemies":"2 Fungi Beasts","floor":11,"turns":3},{"damage":23,"enemies":"Exordium Thugs","floor":13,"turns":4},{"damage":17,"enemies":"Slime Boss","floor":16,"turns":6},{"damage":17,"enemies":"Spheric Guardian","floor":18,"turns":3},{"damage":14,"enemies":"2 Thieves","floor":24,"turns":4},{"damage":26,"enemies":"Centurion and Healer","floor":25,"turns":3},{"damage":13,"enemies":"Snecko","floor":27,"turns":3},{"damage":19,"enemies":"3 Cultists","floor":28,"turns":4},{"damage":34,"enemies":"Slaver and Parasite","floor":29,"turns":3},{"damage":19,"enemies":"Snake Plant","floor":30,"turns":2},{"damage":11,"enemies":"3 Cultists","floor":31,"turns":4},{"damage":38,"enemies":"Champ","floor":33,"turns":8},{"damage":25,"enemies":"Orb Walker","floor":35,"turns":4},{"damage":19,"enemies":"3 Darklings","floor":36,"turns":5},{"damage":31,"enemies":"4 Shapes","floor":38,"turns":2},{"damage":15,"enemies":"Sphere and 2 Shapes","floor":39,"turns":4},{"damage":25,"enemies":"3 Darklings","floor":40,"turns":3},{"damage":23,"enemies":"4 Shapes","floor":42,"turns":2},{"damage":39,"enemies":"Sphere and 2 Shapes","floor":44,"turns":4},{"damage":18,"enemies":"3 Darklings","floor":48,"turns":2},{"damage":86,"enemies":"Donu and Deca","floor":50,"turns":6}],"event_choices":[{"event_name":"Golden Wing","player_choice":"Card Removal","floor":5,"damage_taken":0},{"event_name":"Liars Game","player_choice":"disagreed","floor":12,"damage_taken":0},{"event_name":"Drug Dealer","player_choice":"Got JAXXED","floor":19,"damage_taken":0},{"event_name":"The Library","player_choice":"Read","floor":20,"damage_taken":0},{"event_name":"Back to Basics","player_choice":"Simplicity","floor":21,"damage_taken":0},{"event_name":"Tomb of Lord Red Mask","player_choice":"Paid","floor":47,"damage_taken":0}],"boss_relics":[{"not_picked":["Question Card","White Beast Statue"],"picked":"Sozu"},{"not_picked":["Runic Pyramid","Orrery"],"picked":"Runic Cube"}],"potions_floor_spawned":[1,7,11,13,27,28,30,31,38,39,42,48],"seed_played":"-476349282361430124","ascension_level":5,"is_trial":false}