{"path_per_floor":["M","M","M","?","M","E","$","M","T","T","M","E","?","M","R"],"character_chosen":"IRONCLAD","items_purchased":["Rampage","Entrench"],"gold_per_floor":[119,132,148,323,335,366,220,238,265,265,285,315,315,333,333],"floor_reached":16,"campfire_rested":0,"playtime":5025,"current_hp_per_floor":[71,76,67,67,62,52,52,51,51,51,51,38,31,36,36],"items_purged":[],"gold":333,"score":114,"play_id":"9654ce97-287a-4557-82b4-936a9847f334","local_time":"20180315174338","is_prod":false,"is_daily":false,"is_ascension_mode":false,"campfire_upgraded":1,"timestamp":1521132218,"path_taken":["M","M","M","?","M","E","$","M","T","?","M","E","?","M","R","BOSS"],"build_version":"2018-03-01-PROD1","purchased_purges":0,"victory":false,"master_deck":["Strike_R","Strike_R","Strike_R+1","Strike_R","Strike_R","Defend_R","Defend_R","Defend_R","Defend_R","Bash+1","Dark Embrace","Power Through","Bludgeon","Shrug It Off","Iron Wave","Searing Blow+1","Rampage","Entrench","Armaments","Body Slam","Bloodletting"],"max_hp_per_floor":[80,80,80,80,80,80,80,80,80,80,80,80,80,80,80],"relics":["Burning Blood","Meat on the Bone","Vajra","Whetstone","Bag of Marbles"],"card_choices":[{"not_picked":["Bloodletting","Burning Pact"],"picked":"Power Through"},{"not_picked":["Burning Pact","Anger"],"picked":"Bludgeon"},{"not_picked":["Thunderclap","Clash"],"picked":"Shrug It Off"},{"not_picked":["Hemokinesis","Rage"],"picked":"Iron Wave"},{"not_picked":["Metallicize","Clothesline"],"picked":"Searing Blow"},{"not_picked":["Anger","Sever Soul"],"picked":"Armaments"},{"not_picked":["Entrench","Cleave"],"picked":"Body Slam"},{"not_picked":["Clash","Disarm"],"picked":"Bloodletting"}],"player_experience":1120,"potions_floor_usage":[6,8,8,12,16],"damage_taken":[{"damage":15,"enemies":"Jaw Worm","floor":1,"turns":5},{"damage":1,"enemies":"Cultist","floor":2,"turns":4},{"damage":15,"enemies":"Small Slimes","floor":3,"turns":3},{"damage":11,"enemies":"Blue Slaver","floor":5,"turns":6},{"damage":16,"enemies":"Lagavulin","floor":6,"turns":5},{"damage":7,"enemies":"Exordium Thugs","floor":8,"turns":4},{"damage":6,"enemies":"Exordium Wildlife","floor":11,"turns":5},{"damage":31,"enemies":"Gremlin Nob","floor":12,"turns":7},{"damage":13,"enemies":"Red Slaver","floor":14,"turns":2},{"damage":40,"enemies":"Hexaghost","floor":16,"turns":9}],"event_choices":[{"event_name":"Liars Game","player_choice":"agreed","floor":4,"damage_taken":0},{"event_name":"Golden Wing","player_choice":"Card Removal","floor":13,"damage_taken":0}],"boss_relics":[],"potions_floor_spawned":[1,5,6,11,14],"seed_played":"-6305635355155208440","killed_by":"Hexaghost","ascension_level":0,"is_trial":false}