{"path_per_floor":["M","$","?","T","M","R","M","E","T","M","E","M","E","$","R","B",null,"M","?","M","?","M","E","R","E","T","R","M","R","M","M","R","B",null,"M","$","M","?","M","E","M","R","T","R","M","R","M","$","R","B"],"character_chosen":"IRONCLAD","items_purchased":["Inflame","Block Potion","Whirlwind","Mummified Hand","Vajra","Energy Potion"],"gold_per_floor":[117,49,49,73,90,90,108,133,133,149,176,193,221,98,98,201,201,214,214,233,233,243,275,275,306,331,331,345,345,364,381,381,480,480,495,60,77,77,97,125,140,140,213,213,232,232,250,45,45,45],"floor_reached":51,"campfire_rested":4,"playtime":2230,"current_hp_per_floor":[80,80,62,62,70,70,78,45,55,51,36,37,11,11,53,24,90,90,90,79,61,49,39,82,67,67,67,63,63,63,67,67,70,95,90,90,70,58,34,47,34,34,34,77,69,69,73,73,95,68],"items_purged":["Defend_R","Defend_R"],"gold":45,"score":639,"play_id":"d33c640e-2749-44cf-a56d-ca68167f3a95","local_time":"20180318225617","is_prod":false,"is_daily":false,"is_ascension_mode":false,"campfire_upgraded":6,"timestamp":1521410177,"path_taken":["M","$","?","?","M","R","?","E","T","M","E","M","E","$","R","BOSS","M","?","M","?","?","E","R","E","T","R","M","R","M","M","R","BOSS","M","$","M","?","M","E","M","R","T","R","M","R","M","$","R","BOSS"],"build_version":"2018-03-01-PROD1","purchased_purges":2,"victory":true,"master_deck":["Strike_R","Strike_R","Strike_R","Strike_R","Defend_R","Defend_R","Bash","Searing Blow+1","Inflame","Twin Strike","Flex+1","Clothesline","Heavy Blade","Offering+1","Perfected Strike","Heavy Blade+1","Demon Form","Clothesline+1","Uppercut+1","Heavy Blade+1","Flame Barrier","Whirlwind+1","Inflame+1","Madness","Madness","Offering","Flex+1"],"max_hp_per_floor":[80,80,80,80,80,80,80,80,90,90,90,90,90,90,90,90,90,90,90,90,95,95,95,95,95,95,95,95,95,95,95,95,95,95,95,95,95,95,95,95,95,95,95,95,95,95,95,95,95,95],"relics":["Burning Blood","Ancient Tea Set","Blood Vial","Pen Nib","Gambling Chip","Pear","Regal Pillow","Dream Catcher","Cursed Key","Thread and Needle","Omamori","Bronze Scales","Runic Dome","Mummified Hand","Happy Flower","Darkstone Periapt","Vajra"],"card_choices":[{"not_picked":["Armaments","Pommel Strike"],"picked":"Searing Blow"},{"not_picked":["Shrug It Off","Wild Strike"],"picked":"Twin Strike"},{"not_picked":["Seeing Red","Second Wind"],"picked":"Flex"},{"not_picked":["Bloodletting","Battle Trance"],"picked":"Clothesline"},{"not_picked":["Second Wind","Carnage"],"picked":"Heavy Blade"},{"not_picked":["Clothesline","Infernal Blade"],"picked":"Offering"},{"not_picked":["Second Wind","True Grit"],"picked":"Perfected Strike"},{"not_picked":["Blood for Blood","Armaments"],"picked":"Heavy Blade"},{"not_picked":["Offering","Dark Embrace"],"picked":"Demon Form"},{"not_picked":["Wild Strike","True Grit"],"picked":"Clothesline"},{"not_picked":["Searing Blow","Hemokinesis"],"picked":"Uppercut"},{"not_picked":["Clash","Reaper"],"picked":"Heavy Blade"},{"not_picked":["Twin Strike","Feel No Pain"],"picked":"Flame Barrier"},{"not_picked":["Iron Wave","Twin Strike"],"picked":"Inflame"},{"not_picked":["Hemokinesis","Pommel Strike"],"picked":"Offering"},{"not_picked":["Dual Wield","Searing Blow"],"picked":"Flex"}],"player_experience":25862,"potions_floor_usage":[13,16,16,20,23,23,40],"damage_taken":[{"damage":5.0,"enemies":"Jaw Worm","floor":1.0,"turns":4.0},{"damage":0.0,"enemies":"2 Louse","floor":5.0,"turns":3.0},{"damage":0.0,"enemies":"Cultist","floor":7.0,"turns":2.0},{"damage":41.0,"enemies":"Lagavulin","floor":8.0,"turns":6.0},{"damage":12.0,"enemies":"3 Louse","floor":10.0,"turns":2.0},{"damage":23.0,"enemies":"Gremlin Nob","floor":11.0,"turns":4.0},{"damage":7.0,"enemies":"Looter","floor":12.0,"turns":2.0},{"damage":34,"enemies":"3 Sentries","floor":13,"turns":6},{"damage":37,"enemies":"Slime Boss","floor":16,"turns":8},{"damage":4,"enemies":"Spheric Guardian","floor":18,"turns":2},{"damage":17,"enemies":"Shell Parasite","floor":20,"turns":3},{"damage":20,"enemies":"Cultist and Chosen","floor":22,"turns":3},{"damage":18,"enemies":"Book of Stabbing","floor":23,"turns":3},{"damage":23,"enemies":"Slavers","floor":25,"turns":5},{"damage":12,"enemies":"3 Cultists","floor":28,"turns":4},{"damage":8,"enemies":"Chosen and Byrds","floor":30,"turns":5},{"damage":4,"enemies":"Centurion and Healer","floor":31,"turns":3},{"damage":5,"enemies":"Champ","floor":33,"turns":5},{"damage":11,"enemies":"3 Darklings","floor":35,"turns":4},{"damage":28,"enemies":"3 Shapes","floor":37,"turns":3},{"damage":32,"enemies":"Sphere and 2 Shapes","floor":39,"turns":3},{"damage":4,"enemies":"Giant Head","floor":40,"turns":4},{"damage":21,"enemies":"Maw","floor":41,"turns":4},{"damage":16,"enemies":"4 Shapes","floor":45,"turns":1},{"damage":4,"enemies":"3 Darklings","floor":47,"turns":1},{"damage":33,"enemies":"Time Eater","floor":50,"turns":5}],"event_choices":[{"event_name":"Scrap Ooze","player_choice":"success","floor":3.0,"damage_taken":18.0},{"event_name":"Back to Basics","player_choice":"Elegance","floor":19,"damage_taken":0},{"event_name":"Forgotten Altar","player_choice":"Shed Blood","floor":21,"damage_taken":0},{"event_name":"Winding Halls","player_choice":"Embrace Madness","floor":38,"damage_taken":0}],"boss_relics":[{"not_picked":["Eternal Feather","Lizard Tail"],"picked":"Cursed Key"},{"not_picked":["Snecko Eye","Tiny House"],"picked":"Runic Dome"}],"potions_floor_spawned":[1,5,11,12,16,18,28,30,33,37,40],"seed_played":"-4623904075767744471","ascension_level":0,"is_trial":false}