{"path_per_floor":["M","?","M","$","?","R","E","R","T","M","E","?","E","M","R","B",null,"M","?","M","M","M","R","?"],"character_chosen":"IRONCLAD","items_purchased":[],"gold_per_floor":[99,99,99,24,24,24,24,24,24,24,24,24,24,24,24,24,24,24,24,24,24,24,24,24],"floor_reached":25,"campfire_rested":3,"playtime":840,"current_hp_per_floor":[80,80,80,80,73,73,58,80,80,76,69,69,44,42,82,29,84,78,78,61,24,9,49,49],"items_purged":["Defend_R"],"gold":24,"score":254,"play_id":"fd764787-cd76-4cd8-8bb9-66a2817796d3","local_time":"20180322174640","is_prod":false,"is_daily":false,"is_ascension_mode":true,"campfire_upgraded":1,"timestamp":1521737200,"path_taken":["M","?","M","?","?","R","E","R","T","?","E","?","E","M","R","BOSS","M","?","M","M","M","R","?","E"],"build_version":"2018-03-01-PROD1","purchased_purges":1,"victory":false,"master_deck":["Strike_R","Strike_R","Strike_R","Defend_R","Defend_R","Defend_R","Bash","Twin Strike","Uppercut+1","Infernal Blade","Seeing Red","Fiend Fire","Rage+1","Anger+1","Dual Wield"],"max_hp_per_floor":[80,80,80,80,80,80,80,80,80,80,80,80,82,84,84,84,84,84,84,86,86,86,86,86],"relics":["Ectoplasm","Regal Pillow","Toolbox","Ancient Tea Set","Singing Bowl","Sozu","Nloth\u0027s Gift"],"card_choices":[{"not_picked":["Corruption","Clothesline"],"picked":"Twin Strike"},{"not_picked":["Rage","True Grit"],"picked":"Uppercut"},{"not_picked":["Cleave","Iron Wave"],"picked":"Infernal Blade"},{"not_picked":["Iron Wave","Pommel Strike"],"picked":"Seeing Red"},{"not_picked":["Dark Embrace","Feed"],"picked":"Fiend Fire"},{"not_picked":["Sword Boomerang","Flex"],"picked":"Rage"},{"not_picked":["Thunderclap","Pommel Strike"],"picked":"Anger"},{"not_picked":["Feel No Pain","Perfected Strike"],"picked":"Dual Wield"}],"player_experience":37867,"potions_floor_usage":[18,22],"damage_taken":[{"damage":0,"enemies":"Small Slimes","floor":1,"turns":2},{"damage":0,"enemies":"2 Louse","floor":3,"turns":2},{"damage":15,"enemies":"Gremlin Nob","floor":7,"turns":3},{"damage":4,"enemies":"Cultist","floor":10,"turns":2},{"damage":7,"enemies":"Lagavulin","floor":11,"turns":5},{"damage":27,"enemies":"3 Sentries","floor":13,"turns":5},{"damage":4,"enemies":"2 Fungi Beasts","floor":14,"turns":2},{"damage":53,"enemies":"The Guardian","floor":16,"turns":8},{"damage":6,"enemies":"Chosen","floor":18,"turns":4},{"damage":19,"enemies":"Shell Parasite","floor":20,"turns":4},{"damage":37,"enemies":"Sentry and Sphere","floor":21,"turns":6},{"damage":30,"enemies":"Centurion and Healer","floor":22,"turns":4},{"damage":51,"enemies":"Slavers","floor":25,"turns":4}],"event_choices":[{"event_name":"Big Fish","player_choice":"Box","floor":2,"damage_taken":0},{"event_name":"Golden Wing","player_choice":"Card Removal","floor":5,"damage_taken":0},{"event_name":"Living Wall","player_choice":"Forget","floor":12,"damage_taken":0},{"event_name":"Purifier","player_choice":"One Purge","floor":19,"damage_taken":0},{"event_name":"N\u0027loth","player_choice":"Traded a Magic Flower","floor":24,"damage_taken":0}],"boss_relics":[{"not_picked":["Runic Dome","White Beast Statue"],"picked":"Sozu"}],"potions_floor_spawned":[7,10,11],"seed_played":"5042238490591454874","killed_by":"Slavers","ascension_level":3,"is_trial":false}