{"path_per_floor":["M","?","?","$","M","E","R","E","T","R","M","M","R","M","R","B",null,"M","?","$","M","M","R","?","E","T","M","M","?","M"],"character_chosen":"IRONCLAD","items_purchased":["Meat on the Bone"],"gold_per_floor":[119,119,69,69,82,116,116,146,173,173,193,207,207,226,226,326,326,344,344,24,35,53,53,53,86,86,86,105,105,117],"floor_reached":31,"campfire_rested":3,"playtime":2264,"current_hp_per_floor":[80,80,80,80,76,77,77,50,50,50,54,47,75,67,96,43,101,75,75,75,67,41,74,74,50,50,47,60,60,29],"items_purged":["Strike_R"],"gold":117,"score":357,"play_id":"9452a996-a7dd-4200-b3a6-38b2afc49424","is_prod":false,"is_daily":false,"is_ascension_mode":true,"campfire_upgraded":2,"path_taken":["M","?","?","$","M","E","R","E","T","R","?","M","R","M","R","BOSS","M","?","?","M","M","R","?","E","T","M","M","?","M","M"],"build_version":"2018-02-22-PROD1","purchased_purges":2,"victory":false,"master_deck":["Strike_R","Strike_R","Defend_R","Defend_R","Defend_R","Bash","Dropkick","Second Wind+1","Feed","Battle Trance","Pommel Strike+1","Inflame","Headbutt","Flex","Bloodletting","Bloodletting","Double Tap","Whirlwind","Spot Weakness","Decay"],"max_hp_per_floor":[80,80,80,80,83,86,86,89,89,89,92,95,95,98,98,101,101,104,104,104,107,110,110,110,110,110,110,113,113,113],"relics":["Burning Blood","Centennial Puzzle","Red Skull","Dream Catcher","Lizard Tail","Meat on the Bone","Bag of Preparation","Bottled Flame","Magic Flower"],"card_choices":[{"not_picked":["Iron Wave","Clash"],"picked":"Feed"},{"not_picked":["Reckless Charge","Sever Soul"],"picked":"Pommel Strike"},{"not_picked":["Dual Wield","Thunderclap"],"picked":"Inflame"},{"not_picked":["Intimidate","Shockwave"],"picked":"Headbutt"},{"not_picked":["Pommel Strike","Perfected Strike"],"picked":"Flex"},{"not_picked":["Cleave","Disarm"],"picked":"Bloodletting"},{"not_picked":["Feel No Pain","Exhume"],"picked":"Bloodletting"},{"not_picked":["Body Slam","Perfected Strike"],"picked":"Double Tap"},{"not_picked":["Sword Boomerang","Body Slam"],"picked":"Whirlwind"},{"not_picked":["Twin Strike","Combust"],"picked":"Spot Weakness"}],"player_experience":54320,"potions_floor_usage":[6,16,21,22,27,30,31],"damage_taken":[{"damage":3,"enemies":"2 Louse","floor":1,"turns":2},{"damage":13,"enemies":"Jaw Worm","floor":5,"turns":4},{"damage":8,"enemies":"Gremlin Nob","floor":6,"turns":3},{"damage":36,"enemies":"3 Sentries","floor":8,"turns":7},{"damage":5,"enemies":"Small Slimes","floor":11,"turns":3},{"damage":16,"enemies":"Exordium Wildlife","floor":12,"turns":3},{"damage":17,"enemies":"Gremlin Gang","floor":14,"turns":3},{"damage":62,"enemies":"Hexaghost","floor":16,"turns":6},{"damage":35,"enemies":"2 Thieves","floor":18,"turns":4},{"damage":29,"enemies":"Shell Parasite","floor":21,"turns":3},{"damage":47,"enemies":"Chosen and Byrds","floor":22,"turns":5},{"damage":104,"enemies":"Gremlin Leader","floor":25,"turns":7},{"damage":30,"enemies":"Snake Plant","floor":27,"turns":2},{"damage":19,"enemies":"Cultist and Chosen","floor":28,"turns":4},{"damage":58,"enemies":"Slaver and Parasite","floor":30,"turns":5},{"damage":31,"enemies":"Centurion and Healer","floor":31,"turns":3}],"event_choices":[{"event_name":"Living Wall","player_choice":"Change","floor":2,"damage_taken":0},{"event_name":"The Cleric","player_choice":"Card Removal","floor":3,"damage_taken":0},{"event_name":"Beggar","player_choice":"Ignored","floor":19,"damage_taken":0},{"event_name":"The Mausoleum","player_choice":"Yes","floor":24,"damage_taken":0},{"event_name":"Forgotten Altar","player_choice":"Smashed Altar","floor":29,"damage_taken":0}],"boss_relics":[{"not_picked":["Runic Cube","Ectoplasm"],"picked":"Lizard Tail"}],"potions_floor_spawned":[1,8,16,18,21,25,28],"seed_played":"2064155743771147287","killed_by":"Centurion and Healer","ascension_level":3,"is_trial":false}