{"path_per_floor":["M","?","?","?","M","R","E","M","T","M","M","M","R","E","R","B",null,"M","?","$","M","M","R","$","E","T","E","M","R","M","M","R","B",null,"M","?","?","M","$","E","R","E","T"],"character_chosen":"IRONCLAD","items_purchased":["Shuriken","Whirlwind","Flame Barrier"],"gold_per_floor":[119,119,119,119,136,136,168,187,187,200,213,228,228,254,254,349,349,367,367,43,62,82,82,8,33,59,91,103,103,113,124,124,224,224,234,234,234,247,74,105,105,135,185],"floor_reached":44,"campfire_rested":2,"playtime":4765,"current_hp_per_floor":[77,77,77,69,69,69,69,62,62,62,62,62,62,56,56,34,87,77,60,60,51,44,44,44,32,32,6,11,44,34,52,52,27,60,43,58,58,59,59,4,37,14,14],"items_purged":["Defend_R","Normality"],"gold":185,"score":544,"play_id":"d3771caf-bafa-43c4-a1c4-91f44cfdf8e6","local_time":"20180322005929","is_prod":false,"is_daily":false,"is_ascension_mode":true,"campfire_upgraded":5,"timestamp":1521676769,"path_taken":["M","?","?","?","M","R","E","M","T","?","M","M","R","E","R","BOSS","M","?","?","M","M","R","$","E","T","E","?","R","M","M","R","BOSS","M","?","?","M","$","E","R","E","T","M"],"build_version":"2018-03-01-PROD1","purchased_purges":2,"victory":false,"master_deck":["Defend_R","Defend_R","Defend_R","Bash","Carnage+1","Fiend Fire","Armaments+1","Searing Blow","Twin Strike","Uppercut","Bloodletting+1","Demon Form+1","Decay","Clumsy","Spot Weakness","Bite","Bite","Bite","Bite","Bite","Corruption","Whirlwind","Bloodletting+1","Reaper","Barricade","Writhe","Flame Barrier","Dual Wield+1","Clothesline+1"],"max_hp_per_floor":[80,80,80,80,80,80,80,80,80,80,80,80,80,80,80,80,87,87,60,60,60,60,60,60,60,60,60,60,60,60,60,60,60,60,60,60,60,60,60,60,60,60,60],"relics":["Snecko Eye","Bag of Marbles","Bird Faced Urn","Mercury Hourglass","Calling Bell","Pen Nib","Dodecahedron","Strawberry","Shuriken","Ancient Tea Set","Anchor","Regal Pillow","Sozu","Pantograph","Bag of Preparation","Oddly Smooth Stone"],"card_choices":[{"not_picked":["Fire Breathing","Warcry"],"picked":"Carnage"},{"not_picked":["Body Slam","Power Through"],"picked":"Armaments"},{"not_picked":["Anger","Entrench"],"picked":"Searing Blow"},{"not_picked":["Havoc","Ghostly Armor"],"picked":"Twin Strike"},{"not_picked":["Blood for Blood","Clash"],"picked":"Uppercut"},{"not_picked":["Fire Breathing","Rampage"],"picked":"Bloodletting"},{"not_picked":["Barricade","Limit Break"],"picked":"Demon Form"},{"not_picked":["Burning Pact","Sword Boomerang"],"picked":"Spot Weakness"},{"not_picked":["Burning Pact","Warcry"],"picked":"Corruption"},{"not_picked":["Twin Strike","True Grit"],"picked":"Bloodletting"},{"not_picked":["Pummel","Pommel Strike"],"picked":"Reaper"},{"not_picked":["Immolate","Juggernaut"],"picked":"Barricade"},{"not_picked":["Intimidate","Armaments"],"picked":"Dual Wield"},{"not_picked":["Sword Boomerang","Armaments"],"picked":"Clothesline"}],"player_experience":28092,"potions_floor_usage":[21,28,35],"damage_taken":[{"damage":3.0,"enemies":"Small Slimes","floor":1.0,"turns":3.0},{"damage":0.0,"enemies":"Cultist","floor":5.0,"turns":2.0},{"damage":0.0,"enemies":"Lagavulin","floor":7.0,"turns":2.0},{"damage":7.0,"enemies":"2 Louse","floor":8.0,"turns":2.0},{"damage":0.0,"enemies":"Looter","floor":10.0,"turns":1.0},{"damage":0.0,"enemies":"Red Slaver","floor":11.0,"turns":1.0},{"damage":0.0,"enemies":"Exordium Thugs","floor":12.0,"turns":2.0},{"damage":6.0,"enemies":"3 Sentries","floor":14.0,"turns":3.0},{"damage":22.0,"enemies":"The Guardian","floor":16.0,"turns":3.0},{"damage":10.0,"enemies":"2 Thieves","floor":18.0,"turns":2.0},{"damage":15,"enemies":"3 Byrds","floor":21,"turns":3},{"damage":13,"enemies":"Snecko","floor":22,"turns":4},{"damage":12,"enemies":"Book of Stabbing","floor":25,"turns":2},{"damage":38,"enemies":"Gremlin Leader","floor":27,"turns":5},{"damage":0,"enemies":"Snake Plant","floor":28,"turns":3},{"damage":20,"enemies":"Centurion and Healer","floor":30,"turns":4},{"damage":3,"enemies":"3 Cultists","floor":31,"turns":3},{"damage":36,"enemies":"Collector","floor":33,"turns":5},{"damage":25,"enemies":"3 Shapes","floor":35,"turns":4},{"damage":1,"enemies":"Orb Walker","floor":38,"turns":2},{"damage":60,"enemies":"2 Orb Walkers","floor":40,"turns":4},{"damage":34,"enemies":"Giant Head","floor":42,"turns":6},{"damage":20,"enemies":"4 Shapes","floor":44,"turns":2}],"event_choices":[{"event_name":"Match and Keep!","player_choice":"1 cards matched","floor":2.0,"damage_taken":0.0},{"event_name":"The Lab","player_choice":"Got Potions","floor":3.0,"damage_taken":0.0},{"event_name":"Wheel of Change","player_choice":"Damage","floor":4.0,"damage_taken":0.0},{"event_name":"Vampires","player_choice":"Became a vampire","floor":19.0,"damage_taken":0.0},{"event_name":"Winding Halls","player_choice":"Writhe","floor":36,"damage_taken":0},{"event_name":"Tomb of Lord Red Mask","player_choice":"Ignored","floor":37,"damage_taken":0}],"boss_relics":[{"not_picked":["White Beast Statue","Tiny House"],"picked":"Sozu"}],"potions_floor_spawned":[1,5,10,14,18,22,31,33,38,42],"seed_played":"-5937178700878648443","killed_by":"4 Shapes","ascension_level":1,"is_trial":false}