{"path_per_floor":["M","?","$","?","M","E","R","E","T","M","?","R","M","?","R","B",null,"M","M","?","?","M"],"character_chosen":"IRONCLAD","items_purchased":["Flex"],"gold_per_floor":[119,69,44,44,54,84,84,116,116,130,189,189,199,299,299,397,397,412,399,399,399,418],"floor_reached":23,"campfire_rested":3,"playtime":5796,"current_hp_per_floor":[79,79,79,63,62,24,63,48,48,53,16,55,48,48,80,65,80,58,43,43,43,31],"items_purged":[],"gold":418,"score":199,"play_id":"09a83d4d-597e-41ae-9b15-3cfbbf65ea35","local_time":"20180316122121","is_prod":false,"is_daily":false,"is_ascension_mode":false,"campfire_upgraded":0,"timestamp":1521199281,"path_taken":["M","?","$","?","?","E","R","E","T","M","?","R","?","?","R","BOSS","M","?","?","?","M","E"],"build_version":"2018-03-01-PROD1","purchased_purges":0,"victory":false,"master_deck":["Strike_R+1","Strike_R+1","Strike_R+1","Strike_R+1","Strike_R+1","Defend_R+1","Defend_R+1","Defend_R+1","Defend_R+1","Bash+1","Demon Form","Flex","Cleave","Twin Strike","Flex","Perfected Strike","Uppercut","Feed","Pommel Strike","Bash","Seeing Red","Clothesline+1"],"max_hp_per_floor":[80,80,80,80,80,80,80,80,80,80,80,80,80,80,80,80,80,80,80,80,80,80],"relics":["Burning Blood","Regal Pillow","Gremlin Horn","Torii","Dodecahedron","Black Star"],"card_choices":[{"not_picked":["Thunderclap","Flex"],"picked":"Demon Form"},{"not_picked":["Iron Wave","Pommel Strike"],"picked":"Cleave"},{"not_picked":["Sever Soul","Seeing Red"],"picked":"Twin Strike"},{"not_picked":["Fire Breathing","Headbutt"],"picked":"Flex"},{"not_picked":["Clothesline","Burning Pact"],"picked":"Perfected Strike"},{"not_picked":["Thunderclap","Cleave"],"picked":"Uppercut"},{"not_picked":["Demon Form","Berserk"],"picked":"Feed"},{"not_picked":["Infernal Blade","Battle Trance"],"picked":"Pommel Strike"},{"not_picked":["Clash","Shockwave"],"picked":"Clothesline"}],"player_experience":6145,"potions_floor_usage":[],"damage_taken":[{"damage":7.0,"enemies":"Small Slimes","floor":1.0,"turns":4.0},{"damage":7.0,"enemies":"2 Louse","floor":5.0,"turns":3.0},{"damage":44.0,"enemies":"Gremlin Nob","floor":6.0,"turns":5.0},{"damage":21.0,"enemies":"Lagavulin","floor":8.0,"turns":6.0},{"damage":1.0,"enemies":"Jaw Worm","floor":10.0,"turns":2.0},{"damage":43.0,"enemies":"Lagavulin Event","floor":11.0,"turns":6.0},{"damage":13.0,"enemies":"Blue Slaver","floor":13.0,"turns":3.0},{"damage":21.0,"enemies":"Slime Boss","floor":16.0,"turns":7.0},{"damage":28.0,"enemies":"3 Byrds","floor":18.0,"turns":5.0},{"damage":21.0,"enemies":"2 Thieves","floor":19.0,"turns":4.0},{"damage":18.0,"enemies":"Snake Plant","floor":22.0,"turns":4.0},{"damage":32,"enemies":"Slavers","floor":23,"turns":1}],"event_choices":[{"event_name":"The Cleric","player_choice":"Card Removal","floor":2.0,"damage_taken":0.0},{"event_name":"Shining Light","player_choice":"Entered Light","floor":4.0,"damage_taken":0.0},{"event_name":"Dead Adventurer","player_choice":"Searched \u00271\u0027 times","floor":11.0,"damage_taken":0.0},{"event_name":"Wheel of Change","player_choice":"Gold","floor":14.0,"damage_taken":0.0},{"event_name":"Back to Basics","player_choice":"Simplicity","floor":20.0,"damage_taken":0.0},{"event_name":"Match and Keep!","player_choice":"2 cards matched","floor":21.0,"damage_taken":0.0}],"boss_relics":[],"potions_floor_spawned":[6,11,22],"seed_played":"317569590717754781","killed_by":"Slavers","ascension_level":0,"is_trial":false}