{"path_per_floor":["M","$","M","?","M","E","?","?","T","M","M","R","?","M","R","B",null,"M","?","?","$","?","E","R","E","T","M","R","M","M","M","R","B",null,"M","?","M","T","?","E","M","T","T","$","E","R","?","T","R"],"character_chosen":"IRONCLAD","items_purchased":["Ginger","Ornamental Fan","Uppercut","Armaments"],"gold_per_floor":[116,41,55,55,80,118,293,293,293,317,331,331,331,356,356,479,479,492,392,392,3,3,44,44,87,87,107,107,125,138,153,153,281,281,294,627,646,670,670,700,719,719,742,237,271,271,371,371,371],"floor_reached":50,"campfire_rested":4,"playtime":2166,"current_hp_per_floor":[78,78,77,57,61,39,39,23,23,19,25,49,49,52,76,69,77,71,71,71,71,56,31,47,26,26,35,35,36,42,35,51,32,50,49,49,38,38,38,38,50,50,50,50,56,56,56,70,70],"items_purged":["Strike_R","Doubt","Clash"],"gold":371,"score":743,"play_id":"6a6fb08f-07c4-4185-b715-f886831997df","local_time":"20180325223241","is_prod":false,"is_daily":false,"is_ascension_mode":true,"campfire_upgraded":3,"timestamp":1522009961,"path_taken":["M","?","M","?","M","E","?","?","T","M","M","R","?","M","R","BOSS","M","?","?","$","?","E","R","E","T","?","R","M","M","M","R","BOSS","M","?","?","?","?","E","?","?","T","$","E","R","?","?","R","BOSS"],"build_version":"2018-03-01-PROD1","purchased_purges":3,"victory":false,"master_deck":["Defend_R","Defend_R","Bash","Whirlwind+1","Thunderclap","Double Tap","Rage","Rupture","Flame Barrier","Impervious","Heavy Blade","J.A.X.","Bite","Bite","Bite","Bite","Bite","Bloodletting","Infernal Blade","Bludgeon+1","Whirlwind+1","Clothesline","Flex","Barricade","Limit Break+1","Uppercut","Armaments+1"],"max_hp_per_floor":[80,80,80,80,80,80,80,80,80,80,80,80,80,80,80,80,80,80,80,80,80,56,56,56,56,56,56,56,56,56,56,56,56,56,56,56,56,56,56,56,56,56,56,56,56,56,56,70,70],"relics":["Burning Blood","Pen Nib","Ice Cream","Snecko Eye","Blue Candle","Ginger","Letter Opener","Orichalcum","Thread and Needle","Black Star","Anchor","Blood Vial","Vajra","Magic Flower","Lantern","Ornamental Fan","Bronze Scales","Dream Catcher","Mango"],"card_choices":[{"not_picked":["Thunderclap","Second Wind"],"picked":"Whirlwind"},{"not_picked":["Heavy Blade","Searing Blow"],"picked":"Thunderclap"},{"not_picked":["Perfected Strike","Spot Weakness"],"picked":"Double Tap"},{"not_picked":["Heavy Blade","Cleave"],"picked":"Rage"},{"not_picked":["Wild Strike","Anger"],"picked":"Flame Barrier"},{"not_picked":["Juggernaut","Bludgeon"],"picked":"Impervious"},{"not_picked":["Clash","True Grit"],"picked":"Heavy Blade"},{"not_picked":["Reckless Charge","Warcry"],"picked":"Bloodletting"},{"not_picked":["True Grit","Metallicize"],"picked":"Infernal Blade"},{"not_picked":["Bloodletting","Metallicize"],"picked":"Bludgeon"},{"not_picked":["Corruption","Thunderclap"],"picked":"Whirlwind"},{"not_picked":["Thunderclap","Heavy Blade"],"picked":"Clothesline"},{"not_picked":["Cleave","Intimidate"],"picked":"Flex"},{"not_picked":["Juggernaut","Feed"],"picked":"Barricade"},{"not_picked":["Sword Boomerang","Wild Strike"],"picked":"Limit Break"}],"player_experience":68597,"potions_floor_usage":[],"damage_taken":[{"damage":0.0,"enemies":"Cultist","floor":1.0,"turns":3.0},{"damage":7.0,"enemies":"Small Slimes","floor":3.0,"turns":3.0},{"damage":2.0,"enemies":"2 Louse","floor":5.0,"turns":3.0},{"damage":28.0,"enemies":"3 Sentries","floor":6.0,"turns":5.0},{"damage":10.0,"enemies":"2 Fungi Beasts","floor":10.0,"turns":3.0},{"damage":0.0,"enemies":"Large Slime","floor":11.0,"turns":3.0},{"damage":3.0,"enemies":"Blue Slaver","floor":14.0,"turns":4.0},{"damage":13.0,"enemies":"Slime Boss","floor":16.0,"turns":7.0},{"damage":12.0,"enemies":"Chosen","floor":18.0,"turns":3.0},{"damage":35.0,"enemies":"Book of Stabbing","floor":23.0,"turns":5.0},{"damage":39.0,"enemies":"Slavers","floor":25.0,"turns":5.0},{"damage":3.0,"enemies":"Spheric Guardian","floor":27.0,"turns":5.0},{"damage":9.0,"enemies":"Slaver and Parasite","floor":29.0,"turns":3.0},{"damage":0.0,"enemies":"Snake Plant","floor":30.0,"turns":1.0},{"damage":15.0,"enemies":"Cultist and Chosen","floor":31.0,"turns":4.0},{"damage":35.0,"enemies":"Collector","floor":33.0,"turns":8.0},{"damage":13.0,"enemies":"3 Darklings","floor":35.0,"turns":4.0},{"damage":23.0,"enemies":"3 Shapes","floor":37.0,"turns":3.0},{"damage":16.0,"enemies":"2 Orb Walkers","floor":40.0,"turns":3.0},{"damage":0.0,"enemies":"Maw","floor":41.0,"turns":6.0},{"damage":6.0,"enemies":"Giant Head","floor":45.0,"turns":5.0},{"damage":82,"enemies":"Awakened One","floor":50,"turns":4}],"event_choices":[{"event_name":"Golden Idol","player_choice":"Take Damage","floor":4.0,"damage_taken":0.0},{"event_name":"Liars Game","player_choice":"agreed","floor":7.0,"damage_taken":0.0},{"event_name":"Shining Light","player_choice":"Entered Light","floor":8.0,"damage_taken":0.0},{"event_name":"Living Wall","player_choice":"Change","floor":13.0,"damage_taken":0.0},{"event_name":"Drug Dealer","player_choice":"Got JAXXED","floor":19.0,"damage_taken":0.0},{"event_name":"The Mausoleum","player_choice":"Yes","floor":20.0,"damage_taken":0.0},{"event_name":"Vampires","player_choice":"Became a vampire","floor":22.0,"damage_taken":0.0},{"event_name":"The Moai Head","player_choice":"Gave Idol","floor":36.0,"damage_taken":0.0},{"event_name":"Golden Shrine","player_choice":"Pray","floor":47.0,"damage_taken":0.0}],"boss_relics":[],"potions_floor_spawned":[3,10,11,16,18,23,25,33,35],"seed_played":"8379933506242273692","killed_by":"Awakened One","ascension_level":6,"is_trial":false}